1747 2620
45 459 179 513 lere·
198 460 264 515 '20

357 130 632 194 haetenus
647 129 890 192 habitos
907 130 1011 193 effe
1037 133 1341 194 patronos
1357 149 1544 214 quam
1561 135 1688 196 Dea

358 236 425 277 os
441 232 504 276 tu
513 217 811 279 telareszan
830 236 964 278 non
981 218 1222 278 auribus
1241 220 1452 280 nostris
1467 220 1686 282 insona

354 321 414 363 re
427 301 604 362 debet
617 320 737 360 uox
769 302 873 364 illa
908 302 1268 382 Prophetica
1283 319 1313 361 ’ἴ
1330 301 1685 367 Secundum

351 405 675 450 numerum
723 387 968 446 urbium
999 403 1241 448 tuarum
1269 388 1406 450 sunt
1439 392 1535 470 Di]
1571 395 1683 451 ταὶς

353 475 502 550 Qa
525 476 707 549 igitur
731 469 902 532 foeda
929 473 1248 533 eritnostra
1275 473 1679 553 ingratitudo,

353 557 399 620 si
417 560 617 617 relicto
638 562 775 616 uitae
790 556 967 617 fonte
981 600 996 622 2
1019 560 1156 617 tales
1173 560 1352 618 nobis
1369 557 1684 620 fodiamus

351 643 662 703 cisternam⁴
686 639 729 703 si
748 642 905 705 solos
924 642 1253 722 Prophetas
1276 648 1331 704 δε
1352 644 1685 725 Apostolos

353 727 663 788 eueherent
680 726 761 787 ad
778 726 1283 789 hunc'ho'norem:
1303 736 1510 790 acriter
1528 734 1686 791 inter

352 810 553 873 cedere
569 808 797 871 deceret
813 851 832 883 ,
854 830 928 872 ne
945 829 1010 874 ex
1030 812 1232 872 sanetis
1250 815 1363 874 Dei
1399 814 1683 876 ministris

350 896 536 960 Idola
556 894 781 962 fierent.
821 903 1009 960 Nunc
1027 897 1114 957 adv
1132 896 1289 958 hanc
1304 904 1686 979 impietatem

351 976 582 1043 accedit
597 987 779 1042 nimis
796 978 1013 1044 insulsa
1033 979 1372 1042 absurditas.
1412 984 1690 1064 Qibu32

351 1069 503 1130 libet
519 1072 684 1128 enim
704 1070 985 1129 Patronis
1015 1068 1151 1129 suos
1171 1064 1292 1126 dies
1310 1068 1485 1127 festos
1505 1067 1692 1149 assig2

353 1151 733 1215 nant.Multa
748 1169 931 1231 porro
948 1148 1087 1213 sunt
1103 1152 1326 1232 templa
1343 1152 1689 1215 Catharinae

353 1237 676 1299 dicatatuel
691 1238 835 1296 Chri
844 1238 1137 1320 stophoro
1155 1275 1177 1314 3
1197 1236 1290 1298 uel
1306 1236 1422 1319 alijs
1451 1236 1688 1320 fliffltuys

355 1323 739 1385 nominibuS.
761 1321 1120 1390 ‚Catharinae
1138 1337 1240 1382 aut
1257 1322 1689 1405 Christophori

355 1407 718 1491 precibusmt
733 1411 973 1487 iuuetur
986 1407 1148 1489 plebs
1167 1407 1342 1467 huius
1357 1406 1478 1468 loci
1498 1427 1533 1468 a
1551 1408 1689 1470 Dea

354 1498 538 1556 mino
557 1489 898 1573 postulabit.
913 1496 1082 1552 Itane
1095 1510 1236 1553 cum
1260 1494 1396 1552 Deo
1413 1491 1679 1573 ludetur,

357 1595 429 1639 ut
445 1583 548 1657 qui
566 1575 720 1636 nulli
743 1595 1021 1655 unquam
1055 1576 1324 1652 fuerunt,
1345 1574 1691 1640 obtrudant»

356 1679 454 1725 tut
474 1659 556 1722 ad.
575 1663 777 1722 Deum
797 1659 1175 1723 exorandum
1194 1665 1448 1726 Patroni
1470 1675 1493 1724 ἑ
1523 1665 1690 1726 Tali„

357 1751 469 1808 bus
499 1747 779 1827 monstris
810 1753 914 1826 qui
951 1748 1228 1808 fomenta
1260 1744 1686 1828 suppeditant,

355 1832 680 1912 gustum'ne
697 1828 961 1911 aliquem
993 1846 1271 1911 ‘unquam
1291 1832 1554 1895 habuisse
1572 1853 1692 1895 crea

354 1914 544 1978 dendi
568 1912 704 1977 sunt
720 1913 871 1975 seriae
889 1915 1177 1995 smeeraeq3
1211 1919 1324 1981 Dei
1342 1923 1694 1981 inuocatim

354 2009 448 2064 nis
465 2015 496 2058 :⁹
514 2003 773 2063 Omitto
796 2003 1208 2062 Dominicum
1226 2006 1282 2061 δε
1302 2001 1519 2064 similes
1541 2009 1693 2067 Catu

355 2084 574 2149 nifices.
600 2088 859 2147 Omitto
878 2085 1244 2147 Medardum
1266 2129 1281 2153 ,
1303 2089 1619 2150 Lubinum
1636 2105 1696 2152 et

358 2172 575 2235 similes
591 2177 708 2231 eius
729 2172 957 2237 bestias,
980 2178 1136 2250 Qis
1154 2178 1316 2232 enim
1335 2170 1470 2233 finis
1492 2173 1692 2240 effet,fi

357 2256 618 2336 fingulas
637 2257 964 2333 labyrinthi
985 2259 1265 2335 ambages
1290 2274 1547 2320 excutere
1565 2260 1689 2321 ueb

354 2342 476 2406 lem
495 2384 513 2414 ,
536 2349 604 2406 in
622 2361 806 2426 quem
823 2361 936 2407 nos
975 2342 1340 2409 Mediatotes
1374 2344 1693 2428 pelliciunt

1538 2439 1638 2493 ‘tut
1656 2441 1688 2488 ε’
