1747 2620
11 97 169 163 ‘disse
198 110 422 161 notum
440 95 529 165 est,
585 99 836 177 Quotus
864 97 1029 159 enim
1059 96 1247 179 quisq3
1267 115 1358 162 rea

29 192 276 267 perietur
302 190 369 244 in
402 187 634 264 papatu
669 225 687 249 ,
723 188 828 261 qui
856 201 990 244 non
1023 184 1105 245 ad
1131 191 1352 248 externi

0 311 7 345 s
32 269 182 349 figni
203 275 499 331 intuitum
527 265 607 329 s1c
641 267 1049 350 obstupescat,
1072 284 1140 329 ut
1169 270 1353 331 Chri,

33 357 185 415 stum
217 359 282 414 in
312 352 553 414 Coelesti
584 353 782 433 gioria
808 351 1206 434 quaerendum
1244 353 1351 417 effe

34 438 466 502 obliuiscaturc’-
515 460 518 462 “

148 614 306 671 Huic
322 623 449 670 tam
469 607 647 670 craffo
667 607 890 691 stupori
910 628 1138 673 annexa
1152 608 1233 672 est
1246 607 1355 671 deu

31 700 213 758 terior
241 701 578 755 etiamnum
612 693 955 776 superstitio.
1030 698 1156 758 Vbi
1184 701 1356 757 enim

30 780 318 843 adoratur
349 779 613 841 Christus
645 778 759 841 nifi
790 786 856 841 in
875 784 1271 861 panec’Atqui
1308 776 1359 842 fi

29 863 195 948 apud
209 884 321 926 nos
356 864 572 926 ualeret
594 862 884 947 scripturae
914 866 1241 928 authoritas
1270 869 1360 925 ita

27 949 361 1030 magnifice
378 946 780 1028 cogitandum
801 966 921 1011 erat
938 950 1246 1032 decoeiesti
1264 955 1362 1031 ipa

28 1034 144 1099 slus
159 1034 356 1114 gloria
373 1075 393 1112 >
408 1050 475 1094 ut
494 1034 647 1095 nihii
665 1040 895 1096 carnale
909 1051 1014 1096 aut
1055 1051 1361 1097 terrenum

25 1118 106 1181 de
124 1119 251 1200 ipso
275 1117 479 1180 sentire
495 1120 675 1179 nobis
692 1127 1177 1201 permitteremus,
1195 1121 1260 1182 Si
1277 1121 1363 1181 10

25 1223 100 1265 ue
116 1204 397 1265 ducimus
431 1208 696 1275 uicium,
724 1205 1142 1286 praeposteram
1178 1205 1362 1267 Chri,

25 1291 93 1353 sti
120 1288 568 1354 adorationem,
590 1307 799 1351 coram
818 1294 954 1352 Deo
971 1306 1119 1352 certe
1133 1296 1190 1352 δι
1225 1296 1360 1353 An»

23 1376 168 1455 gelis
186 1374 501 1436 execrabile
539 1375 695 1435 Sacri
705 1374 934 1454 legium
964 1376 1174 1439 censeri
1223 1392 1368 1440 non»

24 1458 265 1522 desinet.
322 1457 620 1521 Habenda
649 1461 725 1519 est
754 1475 962 1521 tamen
995 1458 1360 1522 Moderatoae

23 1547 186 1609 ribus
201 1550 391 1624 gratia
408 1542 621 1623 ,quod
647 1548 904 1606 tacitum
933 1549 1194 1607 minime
1223 1548 1359 1607 reliae

24 1644 287 1710 querunt
303 1673 320 1699 ,
341 1629 495 1707 quid
513 1627 793 1690 sentirent
812 1670 828 1689 .
866 1633 1158 1691 Poterant
1184 1634 1356 1692 enim

25 1712 288 1778 tacendo
323 1713 519 1775 fallere
533 1758 546 1773 .
591 1713 714 1775 Sed
741 1731 884 1776 cum
917 1720 1138 1776 merito
1172 1717 1354 1779 Chri„

25 1800 185 1860 stum
203 1805 266 1861 in
287 1800 680 1862 Sacramento
697 1799 933 1860 adorari
952 1799 1203 1862 afferunt
1223 1823 1237 1860 t
1258 1801 1352 1860 his

24 1886 216 1945 uerbis
255 1882 705 1962 admonemur,
734 1883 887 1965 quid
916 1883 1095 1945 nobis
1115 1883 1186 1946 fit
1202 1903 1354 1967 prae2

22 1965 331 2045 standum7
351 1966 395 2029 fi
413 1965 834 2032 subscribimus
854 1986 1065 2029 eorum
1083 1967 1347 2032 decretis.

24 2055 237 2115 Fateor
251 2068 419 2120 certe,
438 2054 749 2116 Christum
766 2097 781 2120 ,
805 2055 1091 2131 ubicunq3
1125 2053 1350 2126 sumus.

31 2137 136 2198 effe
153 2134 563 2202 adorandum.
583 2141 657 2198 In
676 2157 852 2198 coena
869 2156 1008 2197 uero
1026 2155 1165 2198 cum
1186 2138 1243 2200 se
1260 2159 1350 2200 no

24 2223 115 2282 bis
130 2220 456 2283 fruendum
481 2223 852 2292 offeratae&
870 2223 1036 2282 aliter
1050 2229 1226 2305 recipi
1248 2242 1357 2284 nea

27 2311 181 2390 quit,
195 2324 386 2387 quam
405 2305 449 2370 fi
467 2305 892 2369 adoretur.Sed
908 2309 1030 2367 hoc
1046 2314 1359 2385 quaeritur*
1421 2329 1423 2331 ·

63 2389 66 2393 ’
602 2393 655 2459 L
723 2409 756 2468 ς
1046 2387 1363 2464 sursumue
